
@article{valery2025,
	author = {Valery L Feigin;Michael Brainin;Bo Norrving;Sheila O Martins;Jeyaraj Pandian;Patrice Lindsay;Maria F Grupper;Ilari Rautalin;},
	title = {World Stroke Organization: Global Stroke Fact Sheet 2025},
	journal = {International Journal of Stroke},
	volume = {20},
	number = {2},
	pages = {132-144},
	year = {2025},
	doi = {10.1177/17474930241308142},
	URL = {http://dx.doi.org/10.1177/17474930241308142}
}
